<record><leader>00000cas a22000007a 4500</leader><controlfield tag="001">11751900</controlfield><controlfield tag="008">850301d18611971ohuwr ne      0    0eng d</controlfield><datafield ind1=" " ind2=" " tag="010"><subfield code="a">sn 85038108 </subfield></datafield><datafield ind1=" " ind2=" " tag="040"><subfield code="a">NPY</subfield><subfield code="b">eng</subfield><subfield code="c">NPY</subfield><subfield code="d">NPX</subfield><subfield code="d">ONP</subfield><subfield code="d">OCL</subfield><subfield code="d">OCLCQ</subfield><subfield code="d">OCLCF</subfield><subfield code="d">OCLCO</subfield></datafield><datafield ind1=" " ind2=" " tag="042"><subfield code="a">msc</subfield></datafield><datafield ind1=" " ind2=" " tag="043"><subfield code="a">n-us-oh</subfield></datafield><datafield ind1="0" ind2=" " tag="130"><subfield code="a">Union register (Mount Gilead, Ohio : 1861)</subfield></datafield><datafield ind1="1" ind2="4" tag="245"><subfield code="a">The Union register.</subfield></datafield><datafield ind1=" " ind2=" " tag="260"><subfield code="a">Mount Gilead, Ohio :</subfield><subfield code="b">C.M. Kenton,</subfield><subfield code="c">-1971.</subfield></datafield><datafield ind1=" " ind2=" " tag="300"><subfield code="a">v.</subfield></datafield><datafield ind1=" " ind2=" " tag="310"><subfield code="a">Weekly</subfield></datafield><datafield ind1="1" ind2=" " tag="362"><subfield code="a">Began in 1861.</subfield></datafield><datafield ind1="0" ind2=" " tag="362"><subfield code="a">-v. 124, no. 2 (July 8, 1971).</subfield></datafield><datafield ind1=" " ind2=" " tag="500"><subfield code="a">Democratic.</subfield></datafield><datafield ind1=" " ind2=" " tag="588"><subfield code="a">Description based on: Vol. 3, no. 5 (Oct. 22, 1863).</subfield></datafield><datafield ind1=" " ind2="0" tag="651"><subfield code="a">Mount Gilead (Ohio)</subfield><subfield code="v">Newspapers.</subfield></datafield><datafield ind1=" " ind2="0" tag="651"><subfield code="a">Morrow County (Ohio)</subfield><subfield code="v">Newspapers.</subfield></datafield><datafield ind1=" " ind2="7" tag="655"><subfield code="a">Newspapers.</subfield><subfield code="2">fast</subfield><subfield code="0">(OCoLC)fst01423814</subfield></datafield><datafield ind1=" " ind2="7" tag="651"><subfield code="a">Ohio</subfield><subfield code="z">Morrow County.</subfield><subfield code="2">fast</subfield><subfield code="0">(OCoLC)fst01216494</subfield></datafield><datafield ind1=" " ind2="7" tag="651"><subfield code="a">Ohio</subfield><subfield code="z">Mount Gilead.</subfield><subfield code="2">fast</subfield><subfield code="0">(OCoLC)fst01266730</subfield></datafield><datafield ind1=" " ind2=" " tag="752"><subfield code="a">United States</subfield><subfield code="b">Ohio</subfield><subfield code="c">Morrow</subfield><subfield code="d">Mount Gilead.</subfield></datafield><datafield ind1="0" ind2="0" tag="780"><subfield code="t">Democratic messenger (Mount Gilead, Ohio : 1848)</subfield><subfield code="w">(DLC)sn 85038111</subfield></datafield><datafield ind1="0" ind2="7" tag="785"><subfield code="t">Morrow County Independent (Cardington, Ohio : 1889)</subfield><subfield code="w">(DLC)sn 88077579</subfield></datafield><datafield ind1="0" ind2="7" tag="785"><subfield code="t">Morrow County Independent register</subfield><subfield code="w">(DLC)sn 88077580</subfield></datafield></record>